@inproceedings{takeaway,
	TITLE = {{Take A Way: Exploring the Security Implications of AMD's Cache Way Predictors}},
	AUTHOR = {Lipp, Moritz and Had{\v z}i{\'c}, Vedad and Schwarz, Michael and Perais, Arthur and Maurice, Cl{\'e}mentine and Gruss, Daniel},
	URL = {https://hal.inria.fr/hal-02866777},
	BOOKTITLE = {{15th ACM ASIA Conference on Computer and Communications Security (ACM ASIACCS 2020)}},
	ADDRESS = {Taipei, Taiwan},
	YEAR = {2020},
	DOI = {10.1145/3320269.3384746},
	PDF = {https://hal.inria.fr/hal-02866777/file/asiaccs20_lipp.pdf},
	HAL_ID = {hal-02866777},
	HAL_VERSION = {v1},
}

@misc{cthread,
      title={Malware Guard Extension: Using SGX to Conceal Cache Attacks}, 
      author={Michael Schwarz and Samuel Weiser and Daniel Gruss and Clémentine Maurice and Stefan Mangard},
      year={2019},
      eprint={1702.08719},
      archivePrefix={arXiv},
      primaryClass={cs.CR}
}

@inproceedings {flushreload,
	author = {Yuval Yarom and Katrina Falkner},
	title = {{FLUSH+RELOAD}: A High Resolution, Low Noise, L3 Cache {Side-Channel} Attack},
	booktitle = {23rd USENIX Security Symposium (USENIX Security 14)},
	year = {2014},
	isbn = {978-1-931971-15-7},
	address = {San Diego, CA},
	pages = {719--732},
	url = {https://www.usenix.org/conference/usenixsecurity14/technical-sessions/presentation/yarom},
	publisher = {USENIX Association},
	month = aug,
}

@inproceedings{spectre,
	author={Kocher, Paul and Horn, Jann and Fogh, Anders and Genkin, Daniel and Gruss, Daniel and Haas, Werner and Hamburg, Mike and Lipp, Moritz and Mangard, Stefan and Prescher, Thomas and Schwarz, Michael and Yarom, Yuval},
	booktitle={2019 IEEE Symposium on Security and Privacy (SP)}, 
	title={Spectre Attacks: Exploiting Speculative Execution}, 
	year={2019},
	volume={},
	number={},
	pages={1-19},
	doi={10.1109/SP.2019.00002}
}

@inproceedings {meltdown,
	author = {Moritz Lipp and Michael Schwarz and Daniel Gruss and Thomas Prescher and Werner Haas and Anders Fogh and Jann Horn and Stefan Mangard and Paul Kocher and Daniel Genkin and Yuval Yarom and Mike Hamburg},
	title = {Meltdown: Reading Kernel Memory from User Space},
	booktitle = {27th USENIX Security Symposium (USENIX Security 18)},
	year = {2018},
	isbn = {978-1-939133-04-5},
	address = {Baltimore, MD},
	pages = {973--990},
	url = {https://www.usenix.org/conference/usenixsecurity18/presentation/lipp},
	publisher = {USENIX Association},
	month = aug,
}

@inproceedings {armageddon,
	author = {Moritz Lipp and Daniel Gruss and Raphael Spreitzer and Cl{\'e}mentine Maurice and Stefan Mangard},
	title = {{ARMageddon}: Cache Attacks on Mobile Devices},
	booktitle = {25th USENIX Security Symposium (USENIX Security 16)},
	year = {2016},
	isbn = {978-1-931971-32-4},
	address = {Austin, TX},
	pages = {549--564},
	url = {https://www.usenix.org/conference/usenixsecurity16/technical-sessions/presentation/lipp},
	publisher = {USENIX Association},
	month = aug,
}

@book {amd,
	author = {AMD},
	title = {Software Optimization Guide for AMD Family 17h Models 30h and Greater Processors},
	year = {2019},
	url = {https://developer.amd.com/wp-content/resources/56305_SOG_3.00_PUB.pdf},
}

@book {intel,
	author = {Intel},
	title = {Intel® 64 and IA-32 Architectures Software Developer’s Manual},
	year = {2021},
	url = {https://cdrdv2.intel.com/v1/dl/getContent/671200},
}
